@book{c-lang,
  title={The C programming language},
  author={Kernighan, Brian W and Ritchie, Dennis M},
  year={2006}
} 

@article{julia-lang,
  title={Julia: A fresh approach to numerical computing},
  author={Bezanson, Jeff and Edelman, Alan and Karpinski, Stefan and Shah, Viral B},
  journal={SIAM review},
  volume={59},
  number={1},
  pages={65--98},
  year={2017},
  publisher={SIAM},
  url={https://doi.org/10.1137/141000671}
}

@article {magma,
    AUTHOR = {Bosma, Wieb and Cannon, John and Playoust, Catherine},
     TITLE = {The {M}agma algebra system. {I}. {T}he user language},
      NOTE = {Computational algebra and number theory (London, 1993)},
   JOURNAL = {J. Symbolic Comput.},
  FJOURNAL = {Journal of Symbolic Computation},
    VOLUME = {24},
      YEAR = {1997},
    NUMBER = {3-4},
     PAGES = {235--265},
      ISSN = {0747-7171},
   MRCLASS = {68Q40},
  MRNUMBER = {MR1484478},
       DOI = {10.1006/jsco.1996.0125},
}

@manual{gap,
    key          = {GAP},
    organization = {The GAP-Group},
    title        = {GAP -- Groups, Algorithms, and Programming,
                    Version 4.11.0},
    year         = 2020,
    url          = {https://www.gap-system.org},
}

@article{mckay:nauty,
  title={Practical graph isomorphism},
  author={McKay, Brendan D and others},
  year={1981},
  journal={Congressus Numerantium},
}

@article{mckay-piperno:nauty-traces,
    title = {Practical graph isomorphism, II},
    journal = "Journal of Symbolic Computation ",
    volume = "60",
    number = "0",
    pages = "94 - 112",
    year = "2014",
    issn = "0747-7171",
    doi = "http://dx.doi.org/10.1016/j.jsc.2013.09.003",
    author = "Brendan D. McKay and Adolfo Piperno"
}
@inproceedings{saucy,
 author = {Darga, Paul T. and Sakallah, Karem A. and Markov, Igor L.},
 title = {Faster Symmetry Discovery Using Sparsity of Symmetries},
 booktitle = {Proceedings of the 45th Annual Design Automation Conference},
 series = {DAC '08},
 year = {2008},
 isbn = {978-1-60558-115-6},
 pages = {149--154},
 numpages = {6},
 doi = {10.1145/1391469.1391509},
 acmid = {1391509},
 publisher = {ACM},
 address = {New York, NY, USA},
} 
@inproceedings{bliss,
  title={Engineering an efficient canonical labeling tool for large and sparse graphs},
  author={Junttila, Tommi and Kaski, Petteri},
  booktitle={2007 Proceedings of the Ninth Workshop on Algorithm Engineering and Experiments (ALENEX)},
  pages={135--149},
  year={2007},
  organization={SIAM}
}
% COMPUTATIONAL
@article{roney-dougal-siccha:normalizer-primitive-qpoly,
    author = {Roney-Dougal, Colva and Siccha, Sergio},
    title = {Normalizers of primitive permutation groups in
    quasipolynomial time},
    journal = {Bulletin of the London Mathematical Society (accepted)},
}

@article{turing:computable-numbers-entscheidungsproblem,
    author = {Turing, Alan M.},
    title = {On Computable Numbers, with an Application to the
    Entscheidungsproblem},
    journal = {Proceedings of the London Mathematical Society},
    volume = {s2-42},
    number = {1},
    pages = {230-265},
    doi = {10.1112/plms/s2-42.1.230},
    year = {1937}
}

@inproceedings{cook:np,
     author = {Cook, Stephen A.},
     title = {The Complexity of Theorem-proving Procedures},
     booktitle = {Proceedings of the Third Annual ACM Symposium on Theory of
     Computing},
     series = {STOC '71},
     year = {1971},
     pages = {151--158},
     numpages = {8},
     doi = {10.1145/800157.805047},
     publisher = {ACM},
     address = {New York, NY, USA},
} 

@book{papadimitriou:computational-complexity,
  title={Computational complexity},
  author={Papadimitriou, Christos H.},
  year={1994},
  isbn={0-201-53082-1},
  publisher={John Wiley and Sons Ltd.},
}

% Babai: GraphIso and StringIso in quasi poly time
@article{babai:graphiso-quasipolynomial,
    author = {{Babai}, L{\'a}szl{\'o}},
    title = "{Graph Isomorphism in Quasipolynomial Time}",
    journal = {arXiv e-prints},
    year = "2015",
    month = "Dec",
    eid = {arXiv:1512.03547},
    archivePrefix = {arXiv},
    eprint = {1512.03547},
    primaryClass = {cs.DS},
}

% Babai: GraphIso and StringIso in quasi poly time
% Extended abstract version
@inproceedings{babai:graphiso-quasipolynomial-acm,
 author = {Babai, L\'{a}szl\'{o}},
 title = {Graph Isomorphism in Quasipolynomial Time [Extended Abstract]},
 booktitle = {Proceedings of the Forty-eighth Annual ACM Symposium on Theory of Computing},
 series = {STOC '16},
 year = {2016},
 isbn = {978-1-4503-4132-5},
 location = {Cambridge, MA, USA},
 pages = {684--697},
 numpages = {14},
 doi = {10.1145/2897518.2897542},
 publisher = {ACM},
}

% Helfgott: log ^ 3 n bound for graph iso
@article{helfgott,
    AUTHOR = {Helfgott, H.A.},
    Title = {Isomorphismes de graphes en temps quasi-polynomial (d'apr\`es {B}abai et {L}uks, {W}eisfeiler-{L}eman)},
    journal = {Ast\'erisque},
    volume = {407},
    year = {2019},
    pages = {135--182}
}

% A composition series and the non-abelian part of the socle can be computed in
% poly time. Depends on the CFSG!
@inproceedings{babai-kantor-luks:consequences-cfsg,
    author = "L\'aszl\'o Babai and William M. Kantor and Eugene M. Luks",
    title = "Computational complexity and the classification of finite
            simple groups",
    booktitle = "24th Annual Symposium on Foundations of Computer Science
                (sfcs 1983)",
    pages = "162--171",
    publisher = "IEEE",
    year = 1983,
    ISBN = "0-8186-0508-1",
    doi = "10.1109/SFCS.1983.10",
}

% Recognise large groups
@inproceedings{babai-luks-seress:permutation-groups-nc,
    author = {Babai, L. and Luks, E. and Seress, A.},
    title = {Permutation Groups in NC},
    booktitle = {Proceedings of the Nineteenth Annual ACM Symposium on Theory of Computing},
    series = {STOC '87},
    year = {1987},
    isbn = {0-89791-221-7},
    pages = {409--420},
    doi = {10.1145/28395.28439},
    acmid = {28439},
    publisher = {ACM},
}

% Does not depend on the CFSG! A composition series and the non-abelian part of
% the socle can be computed in poly time.
@inproceedings{beals:compseries-without-cfsg,
    author = {Beals, Robert},
    title = {An Elementary Algorithm for Computing the Composition Factors of a
        Permutation Group},
    booktitle = {Proceedings of the 1993 International Symposium on Symbolic
        and Algebraic Computation},
    series = {ISSAC '93},
    year = {1993},
    isbn = {0-89791-604-2},
    pages = {127--134},
    numpages = {8},
    doi = {10.1145/164081.164105},
}

% POLYNOMIAL TIME OVERVIEW
@inproceedings{kantor-luks:computing-in-quotient-groups,
    author = {Kantor, W. M. and Luks, E. M.},
    title = {Computing in Quotient Groups},
    booktitle = {Proceedings of the Twenty-second Annual ACM Symposium on
        Theory of Computing},
    series = {STOC '90},
    year = {1990},
    isbn = {0-89791-361-2},
    pages = {524--534},
    numpages = {11},
    doi = {10.1145/100216.100290},
    publisher = {ACM},
}

% Luks
@article{luks:isomorphism-graphs-bounded-valence,
    title = "Isomorphism of graphs of bounded valence can be tested in polynomial time",
    journal = "Journal of Computer and System Sciences",
    volume = "25",
    number = "1",
    pages = "42 - 65",
    year = "1982",
    issn = "0022-0000",
    doi = "10.1016/0022-0000(82)90009-5",
    author = "Eugene M. Luks",
}

% Luks: Luks Class Set-Stab, Intersection, Centraliser
@inproceedings{luks:polytime,
    author = {Luks, Eugene M.},
    title = {Permutation groups and polynomial-time computation},
    editor    = {Larry Finkelstein and William M. Kantor},
    booktitle = {Groups and Computation, Proceedings of a {DIMACS} Workshop,
                New Brunswick, New Jersey, USA, October 7-10, 1991},
    series    = {{DIMACS} Series in Discrete Mathematics and Theoretical
                Computer Science},
    volume    = {11},
    publisher = {{DIMACS/AMS}},
    year      = {1991},
    doi = {10.1090/dimacs/011/11},
}

% Normalisers of simple groups in P-time
@article{luks-miyazaki:normalisers-poly,
    author = "Luks, Eugene and Miyazaki, Takunari",
    title = "Polynomial-time normalizers",
    year = "2011",
    month = "03",
    volume = "13",
    number = "4",
    pages= "61--96",
    journal = "Discrete Mathematics and Theoretical Computer Science",
    eprint = "hal-00990473",
    eprinttype = "hal"
}

% Schweitzer, Wiebking: canonisation framework
@article{schweitzer-wiebking:canonisation-framework,
    author = {Schweitzer, Pascal and Wiebking, Daniel},
    title = {A unifying method for the design of algorithms canonizing
            combinatorial objects},
    journal = {arXiv e-prints},
    year = "2018",
    month = "Jun",
    eid = {arXiv:1806.07466},
    archivePrefix = {arXiv},
    eprint = {1806.07466},
    primaryClass = {cs.DS},
}

% Wiebking: normalizers in simply exponential time
@article{wiebking:normalizers-simply-exponential,
    author = {Wiebking, Daniel},
    title = {Normalizers and permutational isomorphisms in simply-exponential
            time},
    journal = {arXiv e-prints},
    year = "2019",
    month = "Apr",
    eid = {arXiv:1904.10454},
    archivePrefix = {arXiv},
    eprint = {1904.10454},
    primaryClass = {cs.DS},
}

@inproceedings{wiebking:normalizers-simply-exponential-siam,
  author    = {Daniel Wiebking},
  title     = {Normalizers and permutational isomorphisms in simply-exponential time},
  booktitle = {Proceedings of the Thirty-First Annual {ACM-SIAM} Symposium on Discrete
               Algorithms, {SODA} 2020, Salt Lake City, Utah, USA, January 5-8,
               2020},
  year      = {2020},
}

@book{rotman,
    author = {Rotman, J. J.},
    title = {An Introduction to the Theory of Groups},
    year = {1995},
    publisher = {Springer-Verlag},
    address = {Berlin},
    edition = {4},
}
% Categories
@book{mac-lane:categories,
  title={Categories for the working mathematician},
  author={Mac Lane, Saunders},
  series={Graduate Texts in Mathematics},
  volume={5},
  year={1978},
  publisher={Springer-Verlag New York},
  doi = {10.1007/978-1-4757-4721-8},
  isbn = {978-0-387-98403-2},
}


% Bachelor thesis by Astrid
@thesis{hagemeyer:bachelor-thesis,
    title = "Wreath Products and the Category of Permutation Groups",
    author = "Astrid Hagemeyer",
    school = "RWTH Aachen University",
    year = 2019,
    type = "Bachelor Thesis"
}

% GROUP THEORY
% Simple groups
% Bounds for Out(T) where T non-abelian simple
@article{guralnick-maroti-pyber:normalizers-primitive-groups,
    title = "Normalizers of primitive permutation groups",
    author = "Guralnick, Robert M and Mar{\'o}ti, Attila and Pyber, L{\'a}szl{\'o}",
    journal = "Advances in Mathematics",
    volume = "310",
    pages = "1017--1063",
    year = "2017",
    publisher = "Elsevier",
    doi = "10.1016/j.aim.2017.02.012"
}

@article {liebeck-halasi-maroti,
    AUTHOR = {Halasi, Z. and Liebeck, M.W. and Mar\'{o}ti, A.},
     TITLE = {Base sizes of primitive groups: bounds with explicit
              constants},
   JOURNAL = {J. Algebra},
  FJOURNAL = {Journal of Algebra},
    VOLUME = {521},
      YEAR = {2019},
     PAGES = {16--43},
      ISSN = {0021-8693}
}

@article{duyan-halasi-maroti,
    AUTHOR = {Duyan, H. and Halasi, Z. and Mar\'{o}ti, A.},
     TITLE = {A proof of {P}yber's base size conjecture},
   JOURNAL = {Adv. Math.},
  FJOURNAL = {Advances in Mathematics},
    VOLUME = {331},
      YEAR = {2018},
     PAGES = {720--747},
      ISSN = {0001-8708},
   MRCLASS = {20B15 (20B40 20C99)},
  MRNUMBER = {3804688},
MRREVIEWER = {Timothy C. Burness},
       DOI = {10.1016/j.aim.2018.04.009},
       URL = {https://doi.org/10.1016/j.aim.2018.04.009},
}

% Degree of minimal permutation representations of classical simple groups,
% small errors
@book{kleidman-liebeck:subgroup-structure-finite-classical-groups,
    AUTHOR = {Kleidman, Peter and Liebeck, Martin},
     TITLE = {The subgroup structure of the finite classical groups},
    SERIES = {London Mathematical Society Lecture Note Series},
    VOLUME = {129},
 PUBLISHER = {Cambridge University Press, Cambridge},
      YEAR = {1990},
     PAGES = {x+303},
      ISBN = {0-521-35949-X},
       DOI = {10.1017/CBO9780511629235},
}

% Correction: degree of minimal permutation representations of simple groups
@article{guest-morris-praeger-spiga:correction-degree-minimal-perm-reps-simple,
    AUTHOR = {Guest, Simon and Morris, Joy and Praeger, Cheryl E. and Spiga,
              Pablo},
     TITLE = {On the maximum orders of elements of finite almost simple
              groups and primitive permutation groups},
   JOURNAL = {Trans. Amer. Math. Soc.},
    VOLUME = {367},
      YEAR = {2015},
    NUMBER = {11},
     PAGES = {7665--7694},
      ISSN = {0002-9947},
       DOI = {10.1090/S0002-9947-2015-06293-X},
}

% ATLAS
@book{atlas,
    AUTHOR = {Conway, J. H. and Curtis, R. T. and Norton, S. P. and Parker,
              R. A. and Wilson, R. A.},
     TITLE = {Atlas of finite groups},
      NOTE = {Maximal subgroups and ordinary characters for simple groups,
              With computational assistance from J. G. Thackray},
 PUBLISHER = {Oxford University Press, Eynsham},
      YEAR = {1985},
     PAGES = {xxxiv+252},
      ISBN = {0-19-853199-0},
}

% Bound on orders of primitive groups
@article{cameron:permgroups-simple-groups,
    author = "Peter J. Cameron",
    title = "Finite Permutation Groups and Finite Simple Groups",
    journal = "Bulletin of the London Mathematical Society",
    volume = "13",
    number = "1",
    pages = "1--22",
    year = "1981",
    publisher = "Wiley Online Library",
    doi = "10.1112/blms/13.1.1",
}

% Bound on orders of primitive groups
@article{maroti:orders-primitive-groups,
    title = "On the orders of primitive groups",
    author = "Mar{\'o}ti, Attila",
    journal = "Journal of Algebra",
    volume = "258",
    number = "2",
    pages = "631--640",
    year = "2002",
    publisher = "Elsevier",
    doi = "10.1016/S0021-8693(02)00646-4"
}

% O'Nan-Scott by Liebeck, Praeger, Saxl
@article{liebeck-praeger-saxl:onan-scott,
    title={On the O'Nan-Scott theorem for finite primitive permutation groups},
    author={Liebeck, Martin W. and Praeger, Cheryl E. and Saxl, Jan},
    volume={44},
    DOI={10.1017/S144678870003216X},
    number={3},
    journal={Journal of the Australian Mathematical Society. Series A. Pure Mathematics and Statistics},
    publisher={Cambridge University Press},
    year={1988},
    pages={389--396},
}

% O'Nan-Scott in 8 types
@article{praeger:onan-scott-eight-types,
    title={The inclusion problem for finite primitive permutation groups},
    author={Praeger, Cheryl E},
    journal={Proceedings of the London Mathematical Society},
    volume={3},
    number={1},
    pages={68--88},
    year={1990},
    publisher={Wiley Online Library},
    doi = {10.1112/plms/s3-60.1.68},
}


    Publisher: 
    Online publication date: January 2010
    Print publication year: 1999
    Online ISBN: 
    DOI: https://doi.org/10.1017/CBO9780511623677

% Standard on permutation groups
@book{cameron:permutation-groups,
    author = "Peter J. Cameron",
    title = "Permutation Groups",
    publisher = "Cambridge University Press",
    year = 1999,
    doi = "10.1017/CBO9780511623677",
    langid = "english",
    langidopts = "variant=british",
}

% Standard on permutation groups
@book{dixon-mortimer:permutation-groups,
    author={Dixon, John D and Mortimer, Brian},
    title={Permutation Groups},
    volume={163},
    year={1996},
    publisher={Springer Science \& Business Media},
    ISBN = {978-0-387-94599-6},
    doi = "10.1007/978-1-4612-0731-3",
}

@book{praeger-schneider:cartesian-decompositions,
    series={London Mathematical Society Lecture Note Series},
    title={Permutation Groups and Cartesian Decompositions},
    author={Praeger, Cheryl E. and Schneider, Csaba},
    DOI={10.1017/9781139194006},
    publisher={Cambridge University Press},
    year={2018},
    volume={449},
    collection={London Mathematical Society Lecture Note Series},
}

% First appearence of "cartesian decompositions"
@article{kovacs:cartesian-decompositions,
    author       = {Kov\'acs, L\'aszl\'o Gy\"orgy},
    title        = "Wreath decompositions of finite permutation groups",
    journaltitle = "Bulletin of the Australian Mathematical Society",
    date         = 1989,
    volume       = 40,
    number       = 2,
    pages        = "255-279",
    doi          = "10.1017/S0004972700004366",
}
@misc{recog1.3.2,
  author = {Neunh{\"o}ffer,    M.    and   Seress,   {\a'A}.   and
  Ankaralioglu, N. and Brooksbank, P. and Celler, F. and Howe,  S. and Law, M.
  and Linton, S. and Malle, G. and Niemeyer,  A.  and O'Brien, E. and
  Roney-Dougal, C. M.  and Horn, M.},
  title = {{recog}, A collection  of group recognition methods, {V}ersion 1.3.2},
  month = {Apr},
  year =  {2018},
  note =  {GAP package},
  url =   {https://gap-packages.github.io/recog},
} 

@article{glasby-slattery:normalizers,
title = "Computing intersections and normalizersin soluble groups",
journal = "Journal of Symbolic Computation",
volume = "9",
number = "5",
pages = "637 - 651",
year = "1990",
issn = "0747-7171",
doi = "https://doi.org/10.1016/S0747-7171(08)80079-X",
author = "Stephen P. Glasby and Michael C. Slattery",
}

@article{hulpke:normalizers,
  title={Normalizer calculation using automorphisms},
  author={Hulpke, Alexander},
  journal={Computational Group Theory and the Theory of Groups. AMS special
      session On Computational Group Theory, Davidson, USA},
  pages={105--114},
  year={2007},
  doi = {10.1090/conm/470}
}

@thesis{theissen,
    title={Eine Methode zur Normalisatorberechnung in Permutationsgruppen mit
    Anwendungen in der Konstruktion primitiver Gruppen},
    type = {Ph.D. Thesis},
    school = {Lehrstuhl D für Mathematik, RWTH Aachen},
    year = 1997,
    author = {Heiko Theißen},
}

@article{JPWW,
  title={Permutation group algorithms based on directed graphs},
  author={Jefferson, Christopher and Pfeiffer, Markus and Waldecker, Rebecca and Wilson, Wilf A},
  journal={arXiv preprint arXiv:1911.04783},
  year={2019}
}

@article{sims:backtrack,
  title = {Determining the conjugacy classes of permutation groups},
  author = {Sims, Charles C.},
  year = {1971},
  journal = {Computers in Algebra and Number Theory},
  volume = {4},
  pages = {191--195},
  publisher = {American Mathematical Society},
}

@article{butler:backtrack,
  title = {Computing in permutation and matrix groups. II. Backtrack algorithm},
  author = {Butler, Gregory},
  journal = {Mathematics of Computation},
  volume = {39},
  year = {1982},
  pages = {671--680},
  doi = {10.1090/S0025-5718-1982-0669659-5},
  issn = {1088-6842},
}

@article{butler:normalizers,
  title={Computing normalizers in permutation groups},
  author={Butler, Gregory},
  journal={Journal of algorithms},
  volume={4},
  number={2},
  pages={163--175},
  year={1983},
  publisher={Elsevier},
  doi={10.1016/0196-6774(83)90043-3}
}


@article{holt:normalizers,
title = "The computation of normalizers in permutation groups",
journal = "Journal of Symbolic Computation",
volume = "12",
number = "4",
pages = "499 - 516",
year = "1991",
issn = "0747-7171",
doi = "10.1016/S0747-7171(08)80100-9",
author = "D.F. Holt",
}

% FIXME Hack
@thesis{leon,
    author = {Leon, Jeffery S.},
    title = {Permutation group algorithms based on partitions I Theory and
    algorithms},
    type = {Journal of Symbolic Computation, 12 (1991) 533–583},
}

% General CGT
@article{butler:pga,
  title={Fundamental algorithms for permutation groups},
  author={Butler, Greg},
  journal={Lecture Notes in Computer Science},
  year={1991},
  publisher={Springer-Verlag}
}

% original definition of black-box groups
@inproceedings{babai-szemeredi:black-box-groups,
    title = "On the complexity of matrix group problems I.",
    author = "Laszlo Babai and Endre Szemer\'edi",
    year = "1984",
    language = "English",
    isbn = "081860591X",
    pages = "229--240",
    booktitle = "Annual Symposium on Foundations of Computer Science (Proceedings)",
    publisher = "IEEE",
}

% Rotman: result by Novikov and Boone that word problem is undecidable in
% general finitely presented groups
@book{rotman:novikov-boone,
    title = "An Introduction to the Theory of Groups",
    author = "Rotman, Joseph J.",
    year = "1995",
    isbn = "978-1-4612-8686-8",
    doi = "10.1007/978-1-4612-4176-8",
    publisher="Springer-Verlag, Berlin",
    edition = "4th edition",
}

% constructive recognition of simple groups
@article{kantor:sylow-theorem-poly,
    title = "Sylow's theorem in polynomial time",
    journal = "Journal of Computer and System Sciences",
    volume = "30",
    number = "3",
    pages = "359 - 394",
    year = "1985",
    issn = "0022-0000",
    doi = "10.1016/0022-0000(85)90052-2",
    author = "William M. Kantor",
}

@article{kantor:sylow-normalizers-poly,
    title = "Finding Sylow normalizers in polynomial time",
    journal = "Journal of Algorithms",
    volume = "11",
    number = "4",
    pages = "523 - 563",
    year = "1990",
    issn = "0196-6774",
    doi = "https://doi.org/10.1016/0196-6774(90)90009-4",
    url = "http://www.sciencedirect.com/science/article/pii/0196677490900094",
    author = "William M Kantor",
}

% Standard on permutation group algorithms
@book{seress:permutation-group-algorithms,
    author = {Seress, {\'A}kos},
    series = {Cambridge Tracts in Mathematics},
    title = {Permutation Group Algorithms},
    DOI = {10.1017/CBO9780511546549},
    publisher = {Cambridge University Press},
    year = {2003},
    collection = {Cambridge Tracts in Mathematics},
}

% FUNDAMENTALS: Schreier-Sims and labelled branchings
% Sims papers introducing base and SGS
@incollection{sims-1970,
    title = "Computational methods in the study of permutation groups",
    author = "Charles C. Sims",
    editor = "John Leech",
    booktitle = "Computational Problems in Abstract Algebra",
    publisher = "Pergamon",
    pages = "169 - 183",
    year = "1970",
    isbn = "978-0-08-012975-4",
    doi = "10.1016/B978-0-08-012975-4.50020-5",
}

@inproceedings{sims-1971,
    author = {Charles C. Sims},
    title = {Computation with Permutation Groups},
    booktitle = {Proceedings of the Second ACM Symposium on Symbolic and
                Algebraic Manipulation},
    series = {SYMSAC '71},
    year = {1971},
    location = {Los Angeles, California, USA},
    pages = {23--28},
    numpages = {6},
    doi = {10.1145/800204.806264},
    acmid = {806264},
    publisher = {ACM},
    address = {New York, NY, USA},
}

% analysis of schreier sims algorithm
@inproceedings{furst-hopcroft-luks:basesgs-ptime,
 author = {Furst, Merrick and Hopcroft, John and Luks, Eugene},
 title = {Polynomial-time Algorithms for Permutation Groups},
 booktitle = {Proceedings of the 21st Annual Symposium on Foundations of Computer Science},
 series = {SFCS '80},
 year = {1980},
 pages = {36--41},
 numpages = {6},
 doi = {10.1109/SFCS.1980.34},
 acmid = {1382665},
 publisher = {IEEE Computer Society},
 address = {Washington, DC, USA},
}

% labelled branchings
@article{jerrum:labelled-branchings,
title = "A compact representation for permutation groups",
author = "Mark Jerrum",
journal = "Journal of Algorithms",
volume = "7",
number = "1",
pages = "60 - 78",
year = "1986",
issn = "0196-6774",
doi = "10.1016/0196-6774(86)90038-6",
}

@article{cannon-holt:chief-series-composition-series-socle,
    title = "Computing Chief Series, Composition Series and Socles in Large
            Permutation Groups",
    journal = "Journal of Symbolic Computation",
    volume = "24",
    number = "3",
    pages = "285 - 301",
    year = "1997",
    issn = "0747-7171",
    doi = "10.1006/jsco.1997.0127",
    author = "John Cannon and Derek Holt",
}


% Images
@article{jefferson-jonauskyte-pfeiffer-waldecker:images,
    title = "Minimal and canonical images",
    journal = "Journal of Algebra",
    volume = "521",
    pages = "481 - 506",
    year = "2019",
    issn = "0021-8693",
    doi = "https://doi.org/10.1016/j.jalgebra.2018.11.009",
    author = "Christopher Jefferson and Eliza Jonauskyte and Markus Pfeiffer and Rebecca Waldecker",
    keywords = "Minimal images, Canonical images, Computation, Group theory, Permutation groups",
}
@misc{images1.3.0,
  author =           {Jefferson, C. and Pfeiffer, M. and Waldecker, R. and Jonauskyte, E.},
  title =            {{images}, Minimal and Canonical images, {V}ersion 1.3.0},
  month =            {Mar},
  year =             {2019},
  note =             {GAP package},
  howpublished =     {\href {https://gap-packages.github.io/images/} {\texttt{https://gap-packages.github.io/}\discretionary {}{}{}\texttt{images/}}},
  printedkey =       {JPWJ19}
}
